@book{tokenbucket,
    title={Computer Networks},
    author={Tanenbaum, A.S. and Wetherall, D.J.},
    isbn={9780133072624},
    url={https://books.google.com/books?id=IRUvAAAAQBAJ},
    year={2012},
    publisher={Pearson Education},
}

@book{nginx,
    title={Monolith to Microservices},
    author={Sam Newman},
    url={https://www.nginx.com/blog/microservices-from-design-to-deployment-ebook-nginx/},
    year={2018},
    publisher={Ù”Nginx},
}

@techreport{cors,
    AUTHOR={A. Barth},
    TITLE={The Web Origin Concept},
    HOWPUBLISHED={Internet Requests for Comments},
    TYPE={RFC},
    YEAR={2011},
    MONTH={December},
    ISSN={2070-1721},
    URL={https://tools.ietf.org/html/rfc6454},
}

@INPROCEEDINGS{prometheus,
    author={S. {Ntalampiras} and D. {Arsic} and A. {Stormer} and T. {Ganchev} and I. {Potamitis} and N. {Fakotakis}},
    booktitle={2009 16th International Conference on Digital Signal Processing},
    title={PROMETHEUS database: A multimodal corpus for research on modeling and interpreting human behavior},
    year={2009},
    pages={1-8},
}

@misc{Kong,
    title = {Documentation for Kong Gateway - v2.0.x | Kong - Open-Source API Management and Microservice Management},
    howpublished = {\url{https://docs.konghq.com/}},
    note = {Accessed: 2020-07-09}
}

@misc{Traefik,
    title = {Documentation for Traefik (an open-source Edge Router) },
    howpublished = {\url{hhttps://docs.traefik.io/}},
    note = {Accessed: 2020-07-14}
}

